
@book{QUINLAN,
    author={Quinlan, J. R.},
    title={C4.5: Programs for Machine Learning},
    publisher={Morgan Kaufmann Publishers},
    year={1993}
}

@article{SALZBERG,
    title={Book Review: C4.5: by J. Ross Quinlan.Inc., 1993.},
    author={STEVEN L. SALZBERG },
    url={https://link.springer.com/content/pdf/10.1007%2FBF00993309.pdf},
    publisher={Department of Computer Science, Johns Hopkins University, Baltimore, MD 21218}
}

@article{HSSINA,
  title={A comparative study of decision tree ID3 and C4.5},
  author={Badr HSSINA, Abdelkarim MERBOUHA,Hanane EZZIKOURI,Mohammed ERRITALI },
  url={https://saiconference.com/Downloads/SpecialIssueNo10/Paper_3-A_comparative_study_of_decision_tree_ID3_and_C4.5.pdf},
  publisher={(IJACSA) International Journal of Advanced Computer Science and Applications}
}








